%% This BibTeX bibliography file was created using BibDesk.
%% http://bibdesk.sourceforge.net/

%% Saved with string encoding Unicode (UTF-8) 

@misc{DigCam,
	title = {{Digaital Camera} -Wikipedia},
	howpublished = {\url{https://en.wikipedia.org/wiki/Digital_camera}},
	note = {Accessed: \today}
}
@misc{EcTimes,
	title = {{How image processing will change your world in future } -The Economic Times},
	howpublished = {https://economictimes.indiatimes.com/tech/software/how-image-processing-will-change-your-world-in-future/articleshow/10394958.cms},
	note = {Accessed: \today}
}
@book{griersonRH,
	Author = {C. Grierson and J. Schiefelbein},
	Date-Added = {2012-09-27 13:06:21 +0100},
	Date-Modified = {2012-09-27 13:06:21 +0100},
	Publisher = {American Society of Plant Biologist},
	Title = {The Arabidopsis Book},
	Year = {2002}}

@INPROCEEDINGS{Varma2003
	,	author	= {Varma, M. and Zisserman, A.}
	,	title	= {Texture classification: are filter banks necessary?}
	,	booktitle	= {CVPR03}
	,	year	= {2003}
	,	pages	= {II: 691-698}
}
@article{mjones01,
	Author = {M. Jones and N. Smirnoff},
	Date-Added = {2012-09-27 13:06:21 +0100},
	Date-Modified = {2012-09-27 13:06:21 +0100},
	Journal = {J. of Exp. Bot.},
	Number = {15},
	Pages = {4269--4275},
	Title = {Nuclear dynamics during the simultaneous and sustained tip growth of multiple root hairs arising from a single root epidermal cell},
	Volume = {57},
	Year = {2006}}
@article{massuci01,
	Author = {J. D. Masucci and J. W. Schiefelbein},
	Date-Added = {2012-09-19 08:40:38 +0100},
	Date-Modified = {2012-09-25 20:03:04 +0100},
	Journal = {Plant. Physiol.},
	Pages = {1335-1346},
	Title = {The rhd6 Mutation of Arabidopsis thaliana Alters Root-Hair Initiation trhough an Auxin- and Ethylene-Associated Process},
	Volume = {106},
	Year = {1994}}

@article{payne01,
	Author = {R.J.H. Payne and C.S. Grierson},
	Date-Added = {2011-06-09 15:48:34 +0100},
	Date-Modified = {2012-03-05 18:44:58 +0100},
	Journal = {PLoS ONE},
	Number = {12},
	Pages = {e8337. doi:10.1371/journal.pone.0008337},
	Title = {A theoretical model for ROP localisation by auxin in arabidopsis root hair cells},
	Volume = {4},
	Year = {2009}}

@article{facialExpressions1,
	Author = {Saranya R Benedict and J. Satheesh Kumar},
	Date-Added = {2012-09-19 08:28:34 +0100},
	Journal = {2016 IEEE International Conference on Advances in Computer Applications (ICACA)},
	Title = {Geometric shaped facial feature extraction for face recognition},
	Year = {2016}}

@INPROCEEDINGS{ldpPaper, 
	author={T. Jabid and M. H. Kabir and O. Chae}, 
	booktitle={2010 Digest of Technical Papers International Conference on Consumer Electronics (ICCE)}, 
	title={Local Directional Pattern (LDP) for face recognition}, 
	year={2010}, 
	volume={}, 
	number={}, 
	pages={329-330}, 
	keywords={face recognition;local directional pattern;face recognition;LDP codes;Face recognition;Lighting;Principal component analysis;Pattern recognition;Humans;Pixel;Robustness;Facial features;Linear discriminant analysis;Binary codes}, 
	doi={10.1109/ICCE.2010.5418801}, 
	ISSN={2158-3994}, 
	month={Jan}}


@article{rigas01,
	Author = {S. Rigas and G. Debrosses and K. Haralampidis and F. Vicente-Angulo and K. A. Feldman and A. Grabov and L. Dolan and P. Hatzpoulos},
	Date-Added = {2012-09-19 08:28:34 +0100},
	Date-Modified = {2012-09-19 08:30:59 +0100},
	Journal = {The Plant Cell},
	Pages = {139--151},
	Title = {TRH1 Encondes a Potassium Transporter REquired for Tip Growth in Arabidopsis Root Hairs},
	Volume = {13},
	Year = {2001}}
@misc{FaceGene,
  title = {{This App Uses Facial Recognition Software to Help Identify Genetic Conditions} -},
  howpublished = {https://www.smithsonianmag.com/innovation/app-uses-facial-recognition-software-help-identify-genetic-conditions-180961897/},
  note = {Accessed: \today}
}

@article{EdgeResponse,
	author = {Bashar, Farhan and Khan, Asif and Ahmed, Faisal and Kabir, Hasanul},
	year = {2014},
	month = {02},
	pages = {69-76},
	title = {Face Recognition using Similarity Pattern of Image Directional Edge Response},
	volume = {14},
	booktitle = {Advances in Electrical and Computer Engineering}
}

@article{robustFace,
	author = {T. Jabid, M. H. Kabir, and O. Chae},
	year = {2010},
	month = {05},
	pages = {784-794},
	title = {Robust facial expression recognition
	based on local directional pattern,},
	volume = {32},
	booktitle = {ETRI Journal}
}
@misc{ wiki:geometry,
	author = "{Wikipedia contributors}",
	title = "Geometric feature learning --- {Wikipedia}{,} The Free Encyclopedia",
	year = "2018",
	url = "https://en.wikipedia.org/w/index.php?title=Geometric_feature_learning&oldid=845563063",
	note = "[Online; accessed 15-October-2018]"
}
@article{facialPoints,
	author = {Zhang, Zhengyou and Lyons, Michael and Schuster, M and Akamatsu, Shigeru},
	year = {2000},
	month = {03},
	pages = {257-257},
	title = {Feature-based facial expression recognition: Sensitivity analysis and experiments with a multilayer perceptron (vol 13, pg 893, 1999)},
	volume = {14},
	booktitle = {International Journal of Pattern Recognition and Artificial Intelligence}
	jounal={}
}
@article{facs,
	author = {P. Ekman and W. Friesen},
	year = {1978},
	month = {},
	pages = {},
	title = {Facial action coding system: A technique
	for measurement of facial movement},
	volume = {},
	booktitle = {Palo Alto: Consulting Psychologists
	Press}
}
@INPROCEEDINGS{gdGuo, 
	author={Guodong Guo and C. R. Dyer}, 
	booktitle={2003 IEEE Computer Society Conference on Computer Vision and Pattern Recognition, 2003. Proceedings.}, 
	title={Simultaneous feature selection and classifier training via linear programming: a case study for face expression recognition}, 
	year={2003}, 
	volume={1}, 
	number={}, 
	pages={I-I}, 
	keywords={feature extraction;face recognition;linear programming;emotion recognition;image classification;learning (artificial intelligence);feature selection;classifier training;face expression recognition;computer vision;heuristics;forward search;backward search;feature selection via linear programming;optimization;margin analysis;Erbium;Computer aided software engineering;Face recognition;Computer vision;Linear programming;Pattern recognition;Face detection;Support vector machines;Support vector machine classification;Computational complexity}, 
	doi={10.1109/CVPR.2003.1211374}, 
	ISSN={1063-6919}, 
	month={June},}
@INPROCEEDINGS{falscv, 
	author={M. F. Valstar and I. Patras and M. Pantic}, 
	booktitle={2005 IEEE Computer Society Conference on Computer Vision and Pattern Recognition (CVPR'05) - Workshops}, 
	title={Facial Action Unit Detection using Probabilistic Actively Learned Support Vector Machines on Tracked Facial Point Data}, 
	year={2005}, 
	volume={}, 
	number={}, 
	pages={76-76}, 
	keywords={Face detection;Support vector machines;Face recognition;Image databases;Emotion recognition;Signal analysis;Testing;Robustness;Behavioral science;Biomedical imaging}, 
	doi={10.1109/CVPR.2005.457}, 
	ISSN={2160-7508}, 
	month={Sept},}
@ARTICLE{ebgm, 
	author={L. Wiskott and N. Krüger and N. Kuiger and C. von der Malsburg}, 
	journal={IEEE Transactions on Pattern Analysis and Machine Intelligence}, 
	title={Face recognition by elastic bunch graph matching}, 
	year={1997}, 
	volume={19}, 
	number={7}, 
	pages={775-779}, 
	keywords={face recognition;wavelet transforms;visual databases;graph theory;spatial data structures;face recognition;elastic bunch graph matching;large database;labeled graphs;Gabor wavelet transform;image graphs;phase information;node positioning;object-adapted graphs;data structure;Face recognition;Image databases;Image recognition;Wavelet transforms;Data mining;Data structures;Wavelet coefficients;Biology computing;Computer science;Frequency}, 
	doi={10.1109/34.598235}, 
	ISSN={0162-8828}, 
	month={July},}
@MISC{Poggio_hyberbfnetworks,
	author = {Brunelli Poggio and R. Brunelli and T. Poggio},
	title = {HyberBF Networks for Gender Classification},
	year = {}
}
@article{moreAboutmanWoman,
	Author = {H. Abdi, D. Valentin, B. Edelman, and A. O'Toole},
	Date-Added = {2012-09-19 08:28:34 +0100},
	Journal = {Pattern
	Recognition},
	Title = {More about the difference between men and women: Evidence from linear neural network and
	principal component approaches},
	volume={7}, 
	number={6}, 
	pages={1160-1164},
	Year = {1995}}

@article{cPadgetts,
	Author = {H. Abdi, D. Valentin, B. Edelman, and A. O’Toole},
	Date-Added = {2012-09-19 08:28:34 +0100},
	Journal = {Advances in Neural Information Processing Systems},
	Title = {Representation face images for emotion classification},
	volume={9}, 
	number={}, 
	pages={894-900},
	Year = {1997}}

@ARTICLE{msBarlett, 
	author={M. S. Bartlett and J. R. Movellan and T. J. Sejnowski}, 
	journal={IEEE Transactions on Neural Networks}, 
	title={Face recognition by independent component analysis}, 
	year={2002}, 
	volume={13}, 
	number={6}, 
	pages={1450-1464}, 
	keywords={independent component analysis;face recognition;eigenvalues and eigenfunctions;unsupervised learning;face recognition;independent component analysis;face representations;unsupervised statistical methods;principal component analysis;FERET database;factorial face code;eigenfaces;unsupervised learning;Face recognition;Independent component analysis;Principal component analysis;Pixel;Image databases;Random variables;Statistical analysis;Statistics;Neurons;Spatial databases}, 
	doi={10.1109/TNN.2002.804287}, 
	ISSN={1045-9227}, 
	month={Nov},}

@article{ccFA,
	Author ={C. C. Fa and F. Y. Shin},
	Date-Added = {2012-09-19 08:28:34 +0100},
	Journal = {Pattern
	Recognition},
	Title = {Recognizing facial action units using independent component analysis and support vector machine},
	volume={39}, 
	number={9}, 
	pages={1795-1798},
	Year = {2006}}
@INPROCEEDINGS{Yingli, 
	author={Ying-li Tian}, 
	booktitle={2004 Conference on Computer Vision and Pattern Recognition Workshop}, 
	title={Evaluation of Face Resolution for Expression Analysis}, 
	year={2004}, 
	volume={}, 
	number={}, 
	pages={82-82}, 
	keywords={Image resolution;Face detection;Face recognition;Head;Data mining;Automatic control;Control systems;Facial features;Image analysis;Image databases}, 
	doi={10.1109/CVPR.2004.334}, 
	ISSN={}, 
	month={June},}

@ARTICLE{mjLyons, 
	author={M. J. Lyons and J. Budynek and S. Akamatsu}, 
	journal={IEEE Transactions on Pattern Analysis and Machine Intelligence}, 
	title={Automatic classification of single facial images}, 
	year={1999}, 
	volume={21}, 
	number={12}, 
	pages={1357-1362}, 
	keywords={face recognition;image classification;graph theory;wavelet transforms;automatic classification;single facial images;labeled elastic graph matching;2D Gabor wavelet representation;linear discriminant analysis;sex classification;race classification;facial expression;discriminant vectors;Vectors;Wavelet analysis;Linear discriminant analysis;Face recognition;Principal component analysis;Classification algorithms;Pattern recognition;Face detection;Robustness;Testing}, 
	doi={10.1109/34.817413}, 
	ISSN={0162-8828}, 
	month={Dec},}
@ARTICLE{expFromVideo, 
	author={M. Z. Uddin and J. J. Lee and T. -. Kim}, 
	journal={IEEE Transactions on Consumer Electronics}, 
	title={An enhanced independent component-based human facial expression recognition from video}, 
	year={2009}, 
	volume={55}, 
	number={4}, 
	pages={2216-2224}, 
	keywords={face recognition;feature extraction;hidden Markov models;human computer interaction;independent component analysis;video databases;video signal processing;human facial expression recognition;human computer interfaces;Fisher linear discriminant analysis;hidden Markov models;independent component analysis;feature extraction;Cohn-Kanade database;Face recognition;Hidden Markov models;Independent component analysis;Computer interfaces;Human computer interaction;Image recognition;Robustness;Linear discriminant analysis;Feature extraction;Principal component analysis;Principal component analysis (PCA), independent component analysis (ICA), fisher linear discriminant analysis (FLDA), hidden Markov models (HMMs).}, 
	doi={10.1109/TCE.2009.5373791}, 
	ISSN={0098-3063}, 
	month={November},}
@article{lbp01,
	Author = {T. Ojala, M. Pietikainen and D. Harwoods},
	Date-Added = {2012-09-19 08:28:34 +0100},
	Journal = {Pattern
Recognition},
	Title = {A
comparative study of texture measures with
classification based on feature distributions},
	Volume = {29A},
	Year = {1996}}

@article{fcLBP,
	Author = {T. Ahonen, A. Hadid, and M. Pietikainen},
	Date-Added = {},
	Journal = {European Conference on Computer Vision},
	Title ={ Face recognition with local binary pattern},
	Volume = {},
	Year = {2004}}

@INPROCEEDINGS{maTurk1991, 
	author={M. A. Turk and A. P. Pentland}, 
	booktitle={Proceedings. 1991 IEEE Computer Society Conference on Computer Vision and Pattern Recognition}, 
	title={Face recognition using eigenfaces}, 
	year={1991}, 
	volume={}, 
	number={}, 
	pages={586-591}, 
	keywords={computerised pattern recognition;eigenvalues and eigenfunctions;unsupervised learning;eigenfaces;human faces;face recognition system;two-dimensional recognition;feature space;face space;face images;eigenvectors;Face recognition;Face detection;Humans;Character recognition;Computer vision;Head;Eyes;Nose;Computational modeling;Image recognition}, 
	doi={10.1109/CVPR.1991.139758}, 
	ISSN={1063-6919}, 
	month={June},}

@article{discriminantAnalysis,
	Author = {K. Etemad and R. Chellappa},
	Date-Added = {},
	Journal = {Journal of the Optical Society of America},
	Title ={ Dicriminant analysis for recognition of human
	face images},
	Volume = {14},
	Year = {1997}}

@ARTICLE{2DPCA, 
	author={Jian Yang and D. Zhang and A. F. Frangi and Jing-yu Yang}, 
	journal={IEEE Transactions on Pattern Analysis and Machine Intelligence}, 
	title={Two-dimensional PCA: a new approach to appearance-based face representation and recognition}, 
	year={2004}, 
	volume={26}, 
	number={1}, 
	pages={131-137}, 
	keywords={principal component analysis;face recognition;feature extraction;image representation;visual databases;two-dimensional PCA;principal component analysis;face representation;face recognition;image representation;2D image matrices;image covariance matrix;eigenvectors;eigenfaces;feature extraction;face image databases;Yale face database;ORL database;AR database;Principal component analysis;Face recognition;Covariance matrix;Feature extraction;Kernel;Independent component analysis;Face detection;Lighting;Image representation;Image databases;Algorithms;Artificial Intelligence;Computer Simulation;Face;Female;Humans;Image Enhancement;Image Interpretation, Computer-Assisted;Information Storage and Retrieval;Male;Numerical Analysis, Computer-Assisted;Pattern Recognition, Automated;Principal Component Analysis;Reproducibility of Results;Sensitivity and Specificity;Signal Processing, Computer-Assisted;Subtraction Technique}, 
	doi={10.1109/TPAMI.2004.1261097}, 
	ISSN={0162-8828}, 
	month={Jan},}

@article{LFA,
	Author = {P. Penev and J. Atick},
	Date-Added = {},
	Journal = {Network: Computation in Neural Systems},
	Title ={Local feature analysis: A general statistical theory
	for object representation},
	Volume = {7},
	Year = {1996}}
@ARTICLE{DLA, 
	author={M. Lades and J. C. Vorbruggen and J. Buhmann and J. Lange and C. von der Malsburg and R. P. Wurtz and W. Konen}, 
	journal={IEEE Transactions on Computers}, 
	title={Distortion invariant object recognition in the dynamic link architecture}, 
	year={1993}, 
	volume={42}, 
	number={3}, 
	pages={300-311}, 
	keywords={face recognition;self-organising feature maps;transputer systems;dynamic link architecture;object recognition system;artificial neural networks;fine-scale temporal structure;cellular signals;human faces;video images;sparse graphs;multiresolution description;local power spectrum;geometrical distance vectors;stochastic optimization;matching cost function;transputer network;gray-level camera images;Object recognition;Image recognition;Face recognition;Humans;Artificial neural networks;Neurons;Signal resolution;Stochastic processes;Cost function;Cameras}, 
	doi={10.1109/12.210173}, 
	ISSN={0018-9340}, 
	month={March},}

@INPROCEEDINGS{sobelLBP, 
	author={S. Zhao and Yongsheng Gao and B. Zhang}, 
	booktitle={2008 15th IEEE International Conference on Image Processing}, 
	title={Sobel-LBP}, 
	year={2008}, 
	volume={}, 
	number={}, 
	pages={2144-2147}, 
	keywords={face recognition;filtering theory;image representation;local binary pattern;facial image representation;Sobel operator filtering;spatial histogram;face descriptor;gray-level images;face recognition;Face recognition;Data mining;Histograms;Face detection;Image analysis;Principal component analysis;Linear discriminant analysis;Image texture analysis;Pixel;Image databases;Image representation;face recognition;Local Binary Pattern;Sobel-LBP;Gabor feature}, 
	doi={10.1109/ICIP.2008.4712212}, 
	ISSN={1522-4880}, 
	month={Oct},}
@ARTICLE{classifyFA, 
	author={G. Donato and M. S. Bartlett and J. C. Hager and P. Ekman and T. J. Sejnowski}, 
	journal={IEEE Transactions on Pattern Analysis and Machine Intelligence}, 
	title={Classifying facial actions}, 
	year={1999}, 
	volume={21}, 
	number={10}, 
	pages={974-989}, 
	keywords={face recognition;image sequences;motion estimation;computer vision;principal component analysis;wavelet transforms;facial action coding system;facial expression recognition;optical flow;motion estimation;image sequences;principal component analysis;independent component analysis;local feature analysis;linear discriminant analysis;Gabor wavelet;computer vision;Image motion analysis;Independent component analysis;Optical filters;Gabor filters;Face recognition;Image recognition;Motion analysis;Motion estimation;Optical devices;Principal component analysis}, 
	doi={10.1109/34.799905}, 
	ISSN={0162-8828}, 
	month={Oct},}
@ARTICLE{fdLBP, 
	author={T. Ahonen and A. Hadid and M. Pietikainen}, 
	journal={IEEE Transactions on Pattern Analysis and Machine Intelligence}, 
	title={Face Description with Local Binary Patterns: Application to Face Recognition}, 
	year={2006}, 
	volume={28}, 
	number={12}, 
	pages={2037-2041}, 
	keywords={face recognition;feature extraction;image representation;image texture;face description;local binary patterns;facial image representation;texture features;face image;feature distributions;component-based face recognition;face misalignment;Face recognition;Face detection;Principal component analysis;Image texture analysis;Data mining;Image representation;Feature extraction;Linear discriminant analysis;Robustness;Lighting;Facial image representation;local binary pattern;component-based face recognition;texture features;face misalignment.;Algorithms;Artificial Intelligence;Biometry;Face;Humans;Image Enhancement;Image Interpretation, Computer-Assisted;Information Storage and Retrieval;Numerical Analysis, Computer-Assisted;Pattern Recognition, Automated;Reproducibility of Results;Sensitivity and Specificity;Signal Processing, Computer-Assisted}, 
	doi={10.1109/TPAMI.2006.244}, 
	ISSN={0162-8828}, 
	month={Dec},}

@article{fiaLBP,
	author = {Huang, D and Shan, Caifeng and Ardabilian, Mohsen and Chen, Liming},
	year = {2018},
	month = {10},
	pages = {},
	title = {Facial Image Analysis Based on Local Binary Patterns: A Survey}
}

@article{boosterFER,
	title = "Boosted multi-resolution spatiotemporal descriptors for facial expression recognition",
	journal = "Pattern Recognition Letters",
	volume = "30",
	number = "12",
	pages = "1117 - 1127",
	year = "2009",
	note = "Image/video-based Pattern Analysis and HCI Applications",
	issn = "0167-8655",
	doi = "https://doi.org/10.1016/j.patrec.2009.03.018",
	url = "http://www.sciencedirect.com/science/article/pii/S0167865509000695",
	author = "Guoying Zhao and Matti Pietikäinen",
	keywords = "Principal appearance and motion, Spatiotemporal descriptors, Facial expression recognition, AdaBoost"
}
@ARTICLE{enhancedLTP1, 
	author={X. Tan and B. Triggs}, 
	journal={IEEE Transactions on Image Processing}, 
	title={Enhanced Local Texture Feature Sets for Face Recognition Under Difficult Lighting Conditions}, 
	year={2010}, 
	volume={19}, 
	number={6}, 
	pages={1635-1650}, 
	keywords={face recognition}, 
	doi={10.1109/TIP.2010.2042645}, 
	ISSN={1057-7149}, 
	month={June}
}
@inproceedings{shan2005robust,
	title={Robust facial expression recognition using local binary patterns},
	author={Shan, Caifeng and Gong, Shaogang and McOwan, Peter W},
	booktitle={Image Processing, 2005. ICIP 2005. IEEE International Conference on},
	volume={2},
	pages={II--370},
	year={2005},
	organization={IEEE}
}
%LDP
@article{jabid2010robust,
	title={Robust facial expression recognition based on local directional pattern},
	author={Jabid, Taskeed and Kabir, Md Hasanul and Chae, Oksam},
	journal={ETRI journal},
	volume={32},
	number={5},
	pages={784--794},
	year={2010},
	publisher={Wiley Online Library}
}
%LTP
@article{tan2010enhanced,
	title={Enhanced local texture feature sets for face recognition under difficult lighting conditions},
	author={Tan, Xiaoyang and Triggs, Bill},
	journal={IEEE transactions on image processing},
	volume={19},
	number={6},
	pages={1635--1650},
	year={2010},
	publisher={IEEE}
}
%CLTP
@article{rassem2017face,
	title={Face recognition using completed local ternary pattern (CLTP) texture descriptor},
	author={Rassem, Taha H and Makbol, Nasrin M and Yee, Sam Yin},
	journal={International Journal of Electrical and Computer Engineering (IJECE)},
	volume={7},
	number={3},
	pages={1594--1601},
	year={2017}
}
%CLBP
@article{guo2010completed,
	title={A completed modeling of local binary pattern operator for texture classification},
	author={Guo, Zhenhua and Zhang, Lei and Zhang, David},
	journal={IEEE Transactions on Image Processing},
	volume={19},
	number={6},
	pages={1657--1663},
	year={2010},
	publisher={IEEE}
}
%CLBC
@article{zhao2012completed,
	title={Completed local binary count for rotation invariant texture classification},
	author={Zhao, Yang and Huang, De-Shuang and Jia, Wei},
	journal={IEEE transactions on image processing},
	volume={21},
	number={10},
	pages={4492--4497},
	year={2012},
	publisher={IEEE}
}

%ARBP
@article{wu2018hyphae,
	title={Hyphae Detection in Fungal Keratitis Images With Adaptive Robust Binary Pattern},
	author={Wu, Xuelian and Qiu, Qingchen and Liu, Zhi and Zhao, Yuefeng and Zhang, Bin and Zhang, Yong and Wu, Xinyi and Ren, Jianmin},
	journal={IEEE Access},
	volume={6},
	pages={13449--13460},
	year={2018},
	publisher={IEEE}
}

%CK+
@inproceedings{lucey2010extended,
	title={The extended cohn-kanade dataset (ck+): A complete dataset for action unit and emotion-specified expression},
	author={Lucey, Patrick and Cohn, Jeffrey F and Kanade, Takeo and Saragih, Jason and Ambadar, Zara and Matthews, Iain},
	booktitle={Computer Vision and Pattern Recognition Workshops (CVPRW), 2010 IEEE Computer Society Conference on},
	pages={94--101},
	year={2010},
	organization={IEEE}
	
}
%JAFFE

@inproceedings{lyons1998coding,
	title={Coding facial expressions with gabor wavelets},
	author={Lyons, Michael and Akamatsu, Shigeru and Kamachi, Miyuki and Gyoba, Jiro},
	booktitle={Automatic Face and Gesture Recognition, 1998. Proceedings. Third IEEE International Conference on},
	pages={200--205},
	year={1998},
	organization={IEEE}
}
%RAVDESS
@article{livingstone2018ryerson,
	title={The Ryerson Audio-Visual Database of Emotional Speech and Song (RAVDESS): A dynamic, multimodal set of facial and vocal expressions in North American English},
	author={Livingstone, Steven R and Russo, Frank A},
	journal={PloS one},
	volume={13},
	number={5},
	pages={e0196391},
	year={2018},
	publisher={Public Library of Science}
}

@article{lbp02,
	Author = {T. Ojala, M. Pietikäinen, and T. T. Mäenpää},
	Date-Added = {2012-09-19 08:28:34 +0100},
	Journal = {IEEE Trans. Pattern Anal. Mach. Intell.,},
	Title = {Multiresolution
gray-scale and rotation invariant texture classification with local
binary pattern},
	Volume = {24},
	Year = {2002}}

@article{lbc01,
	Author = {Yang Zhao, De-Shuang Huang,Wei Jia},
	Date-Added = {2012-09-19 08:28:34 +0100},
	Journal = {IEEE TRANSACTIONS ON IMAGE PROCESSING},
	Title = {Completed Local Binary Count for Rotation Invariant
Texture Classification},
	Volume = {24},
	Year = {2012}}


@INPROCEEDINGS{ltp01, 
	author={J. Ren and X. Jiang and J. Yuan}, 	
	booktitle={2013 IEEE International Conference on Image Processing}, 
	title={Relaxed local ternary pattern for face recognition}, 
		year={2013}, 
	volume={}, 
		number={}, 
	pages={3680-3684}, 
	keywords={face recognition;image coding;probability;CMU-PIE database;LBP;LTP;O2FN mobile face database;equal 				probability;extended Yale B database;face recognition;local binary pattern;relaxed local ternary pattern;small pixel difference 			encoding;Face Recognition;Local Binary Pattern;Local Ternary Pattern;Relaxed LTP;Uncertain State}, 
	doi={10.1109/ICIP.2013.6738759}, 
	ISSN={1522-4880}, 
	month={Sept},}
@ARTICLE{ltp02, 
	author={X. Tan and B. Triggs}, 
	journal={IEEE Transactions on Image Processing}, 
	title={Enhanced Local Texture Feature Sets for Face Recognition Under Difficult Lighting Conditions}, 
	year={2010}, 
	volume={19}, 
	number={6}, 
	pages={1635-1650}, 
	keywords={face recognition;feature extraction;image enhancement;image fusion;image representation;image texture;principal component analysis;wavelet transforms;local texture feature set enhancement;face recognition;robust illumination normalization;local texture-based face representations;distance transform based matching;kernel-based feature extraction;multiple feature fusion;local ternary patterns;local binary patterns;local spatial histograms;principal component analysis;PCA;Gabor wavelets;extended Yale-B;CAS-PEAL-R1;Face recognition;Lighting;Feature extraction;Principal component analysis;Pattern recognition;Histograms;Wavelet transforms;Noise robustness;Kernel;Wavelet analysis;Face recognition;illumination invariance;image preprocessing;kernel principal components analysis;local binary patterns;visual features;Algorithms;Biometry;Face;Humans;Image Enhancement;Image Interpretation, Computer-Assisted;Imaging, Three-Dimensional;Lighting;Pattern Recognition, Automated;Reproducibility of Results;Sensitivity and Specificity;Subtraction Technique}, 
	doi={10.1109/TIP.2010.2042645}, 
	ISSN={1057-7149}, 
	month={June}}
@article{ltp03
	,	title	= {Histogram of Gabor phase patterns (HGPP): a novel object representation approach for face recognition.}
	,	author	= {Zhang, Baochang and Shan, Shiguang and Chen, Xilin and Gao, Wen}
	,	journal	= {IEEE transactions on image processing : a publication of the IEEE Signal Processing Society}
	,	journal-iso	= {IEEE Trans Image Process}
	,	volume	= {16}
	,	number	= {1}
	,	year	= {2007}
	,	month	= {Jan}
	,	pages	= {57--68}
	,	pmid	= {17283765}
}
@article{clbp01,
	Author = {Z.Guo, L. Zhang, andD. Zhang},
	Date-Added = {2012-09-19 08:28:34 +0100},
	Journal = {IEEE TRANSACTIONS ON IMAGE PROCESSING},
	Title = {Acompletedmodeling of local
binary pattern operator for texture classification},
	Volume = {24},
	Year = {2010}}
@ARTICLE{clbc01, 
	author={Y. Zhao and D. Huang and W. Jia}, 
	journal={IEEE Transactions on Image Processing}, 
	title={Completed Local Binary Count for Rotation Invariant Texture Classification}, 
	year={2012}, 
	volume={21}, 
	number={10}, 
	pages={4492-4497}, 
	keywords={binary codes;feature extraction;image classification;image texture;local binary count codes;rotation invariant texture classification;local descriptor;local binary grayscale difference information;local binary structural information;visual microstructure;Databases;Gray-scale;Lighting;Data mining;Encoding;Training;Histograms;Local binary count (LBC);local binary pattern (LBP);rotation invariance;texture classification}, 
	doi={10.1109/TIP.2012.2204271}, 
	ISSN={1057-7149}, 
	month={Oct},}
@article{cltp01,
	author = {Rassem, Taha and Khoo, Bee Ee},
	year = {2014},
	month = {04},
	pages = {10},
	title = {Completed Local Ternary Pattern for Rotation Invariant Texture Classification},
	volume = {Volume 2014 (2014)},
	booktitle = {The Scientific World Journal}
}
	@ARTICLE{vlbc, 
		author={X. Zhao and Y. Lin and J. Heikkilä}, 
		journal={IEEE Transactions on Multimedia}, 
		title={Dynamic Texture Recognition Using Volume Local Binary Count Patterns With an Application to 2D Face Spoofing Detection}, 
		year={2018}, 
		volume={20}, 
		number={3}, 
		pages={552-566}, 
		keywords={binary codes;face recognition;feature extraction;image classification;image coding;image motion analysis;image representation;image texture;dynamic texture recognition;2D face spoofing detection;volume local binary count;histogram extraction;completed local spatiotemporal descriptor;DynTex++ database;UCLA database;DynTex database;face antispoofing databases;CAS face antispoofing database;print-attack face antispoofing databas;replay-attack face antispoofing databas;effective spatiotemporal descriptor;dynamic texture databases;dynamic texture representation;local contrast;CVLBC;binary encoding;thresholded local spatiotemporal volumes;VLBP;volume local binary pattern;VLBC;time 1.0 s;Dynamics;Histograms;Face;Face recognition;Two dimensional displays;Videos;Fractals;Dynamic texture;spatio-temporal descriptor;volume local binary count;2D face spoofing detection}, 
		doi={10.1109/TMM.2017.2750415}, 
		ISSN={1520-9210}, 
		month={March},}
	
@INPROCEEDINGS{ambp01, 
	author={A. Hafiane and K. Palaniappan and G. Seetharaman}, 
	booktitle={2014 22nd International Conference on Pattern Recognition}, 
	title={Adaptive Median Binary Patterns for Texture Classification}, 
	year={2014}, 
	volume={}, 
	number={}, 
	pages={1138-1143}, 
	keywords={geometry;image classification;image texture;learning (artificial intelligence);adaptive median binary patterns;texture classification;illumination variation;geometric transformations;noisy sensor measurements;texture operator;small local image patches;binary pattern texton;local binary patterns;LBP;self-adaptive analysis window sizes;invariant microstructure information;AMBP scheme;nonparametric learning;spatially varying image texture statistics;local distribution;rotation invariant;uniform binary pattern subsets;global joint information;filtering-based texture analysis methods;texture corpora;CUReT;KTH_TIPS2-b;impulse noise;Noise;Histograms;Accuracy;Training;Joints;Databases;Noise measurement}, 
	doi={10.1109/ICPR.2014.205}, 
	ISSN={1051-4651}, 
	month={Aug},}
@ARTICLE{arbp01, 
	author={X. Wu and Q. Qiu and Z. Liu and Y. Zhao and B. Zhang and Y. Zhang and X. Wu and J. Ren}, 
	journal={IEEE Access}, 
	title={Hyphae Detection in Fungal Keratitis Images With Adaptive Robust Binary Pattern}, 
	year={2018}, 
	volume={6}, 
	number={}, 
	pages={13449-13460}, 
	keywords={diseases;eye;feature extraction;image classification;image enhancement;image segmentation;image texture;medical image processing;support vector machines;automatic hyphae detection method;fungal organisms;fungal keratitis images;effective texture features;hyphae detection step;adaptive median binary pattern;adaptive robust binary pattern;subregional contrast stretching algorithm;image enhancement;texture classification step;abnormal cornea images;normal cornea images;optical imaging technique;confocal microscopy;Cornea;Feature extraction;Microscopy;Medical services;Support vector machines;Medical diagnostic imaging;Fungal keratitis;texture analysis;ARBP;LSD;SVM}, 
	doi={10.1109/ACCESS.2018.2808941}, 
	ISSN={2169-3536}, 
	month={},}
	
	@ARTICLE{dapp01, 
		author={M. T. B. Iqbal and M. Shoyaib and B. Ryu and M. Abdullah-Al-Wadud and O. Chae}, 
		journal={IEEE Transactions on Information Forensics and Security}, 
		title={Directional Age-Primitive Pattern (DAPP) for Human Age Group Recognition and Age Estimation}, 
		year={2017}, 
		volume={12}, 
		number={11}, 
		pages={2505-2517}, 
		keywords={face recognition;image coding;image segmentation;aging description;face image;human age group recognition;age estimation;directional age-primitive pattern;discernible facial aging cues;local face descriptor;discernible aging cue information;DAPP description;age-primitives encoding aging;crucial texture primitives;compact structural information;uncertain codes;globally adaptive thresholding mechanism;Aging;Estimation;Face;Skin;Encoding;Shape;Face recognition;DAPP;age group recognition;age estimation;appearance-based approach;age-primitives;latent secondary direction;SVM}, 
		doi={10.1109/TIFS.2017.2695456}, 
		ISSN={1556-6013}, 
		month={Nov},}